<record><leader>00000cas a22000007a 4500</leader><controlfield tag="001">17756259</controlfield><controlfield tag="008">880408d1965199utxuwr ne      0   a0eng d</controlfield><datafield ind1=" " ind2=" " tag="010"><subfield code="a">sn 88083199 </subfield></datafield><datafield ind1=" " ind2=" " tag="040"><subfield code="a">PPM</subfield><subfield code="b">eng</subfield><subfield code="c">PPM</subfield><subfield code="d">NSD</subfield><subfield code="d">OCLCQ</subfield></datafield><datafield ind1=" " ind2=" " tag="012"><subfield code="j">0</subfield><subfield code="m">d</subfield></datafield><datafield ind1="1" ind2=" " tag="022"><subfield code="a">1049-3433</subfield><subfield code="l">1049-3433</subfield><subfield code="2">1</subfield></datafield><datafield ind1=" " ind2=" " tag="037"><subfield code="b">Suburban Publishers, 320 N. Main St., Duncanville, TX 75116</subfield></datafield><datafield ind1=" " ind2=" " tag="042"><subfield code="a">msc</subfield><subfield code="a">nsdp</subfield></datafield><datafield ind1=" " ind2="0" tag="222"><subfield code="a">Cedar Hill chronicle</subfield></datafield><datafield ind1="0" ind2="0" tag="245"><subfield code="a">Cedar Hill chronicle.</subfield></datafield><datafield ind1=" " ind2=" " tag="260"><subfield code="a">Cedar Hill, Tex. :</subfield><subfield code="b">Suburban Pub.,</subfield><subfield code="c">1965-</subfield></datafield><datafield ind1=" " ind2=" " tag="300"><subfield code="a">v.</subfield></datafield><datafield ind1=" " ind2=" " tag="310"><subfield code="a">Weekly</subfield></datafield><datafield ind1="0" ind2=" " tag="362"><subfield code="a">Vol. 1, no. 1 (May 20, 1965)-</subfield></datafield><datafield ind1=" " ind2=" " tag="500"><subfield code="a">Published in: Duncanville, Tex., &lt;Feb. 8, 1990-&gt;</subfield></datafield><datafield ind1=" " ind2=" " tag="588"><subfield code="a">Latest issue consulted: Vol. 27, no. 6 (Feb. 8, 1990).</subfield></datafield><datafield ind1=" " ind2=" " tag="752"><subfield code="a">United States</subfield><subfield code="b">Texas</subfield><subfield code="c">Dallas</subfield><subfield code="d">Cedar Hill.</subfield></datafield><datafield ind1=" " ind2=" " tag="752"><subfield code="a">United States</subfield><subfield code="b">Texas</subfield><subfield code="c">Dallas</subfield><subfield code="d">Duncanville.</subfield></datafield><datafield ind1="0" ind2="0" tag="785"><subfield code="t">Today Cedar Hill</subfield><subfield code="x">1065-2876</subfield><subfield code="w">(DLC)sn 92003499</subfield><subfield code="w">(OCoLC)26566247</subfield></datafield></record>